<record><leader>00000cas a22000001a 4500</leader><controlfield tag="001">32653394</controlfield><controlfield tag="007">hd afb018baca</controlfield><controlfield tag="007">hd bfb018baaa</controlfield><controlfield tag="008">950615d18391881nyudn nea     0    0eng c</controlfield><datafield ind1=" " ind2=" " tag="010"><subfield code="a">sn 94091261 </subfield></datafield><datafield ind1=" " ind2=" " tag="040"><subfield code="a">NN</subfield><subfield code="b">eng</subfield><subfield code="c">RQM</subfield><subfield code="d">OCL</subfield><subfield code="d">OCLCQ</subfield><subfield code="d">OCLCF</subfield><subfield code="d">OCLCO</subfield></datafield><datafield ind1=" " ind2=" " tag="012"><subfield code="i">9506</subfield></datafield><datafield ind1="1" ind2=" " tag="029"><subfield code="a">AU@</subfield><subfield code="b">000025880589</subfield></datafield><datafield ind1=" " ind2=" " tag="042"><subfield code="a">pcc</subfield></datafield><datafield ind1=" " ind2=" " tag="043"><subfield code="a">n-us-ny</subfield></datafield><datafield ind1="0" ind2="0" tag="245"><subfield code="a">New York evening express</subfield><subfield code="h">[microform].</subfield></datafield><datafield ind1="3" ind2="0" tag="246"><subfield code="a">Evening express</subfield></datafield><datafield ind1=" " ind2=" " tag="260"><subfield code="a">New York [N.Y.] :</subfield><subfield code="b">Townsend &amp; Brooks</subfield></datafield><datafield ind1=" " ind2=" " tag="300"><subfield code="a">v. ;</subfield><subfield code="c">63 cm.</subfield></datafield><datafield ind1=" " ind2=" " tag="310"><subfield code="a">Daily (except Sun.)</subfield></datafield><datafield ind1="1" ind2=" " tag="362"><subfield code="a">Began in 1839? Ceased in Dec. 1881.</subfield></datafield><datafield ind1=" " ind2=" " tag="580"><subfield code="a">Morning eds.: New York daily express, 1839-1843; New York morning express, 1843-1864.</subfield></datafield><datafield ind1=" " ind2=" " tag="580"><subfield code="a">Wednesday weekly ed.: New York dollar weekly express.</subfield></datafield><datafield ind1=" " ind2=" " tag="580"><subfield code="a">Friday weekly ed.: New York weekly express.</subfield></datafield><datafield ind1=" " ind2=" " tag="580"><subfield code="a">Campaign ed.: Dollar express.</subfield></datafield><datafield ind1=" " ind2=" " tag="588"><subfield code="a">Description based on: Jan. 24, 1840.</subfield></datafield><datafield ind1=" " ind2=" " tag="533"><subfield code="a">Microfilm.</subfield><subfield code="m">Sept. 30,1843-Dec. 3,1881:[Gaps]</subfield><subfield code="b">New York :</subfield><subfield code="c">New York Public Library,</subfield><subfield code="d">[19--].</subfield><subfield code="e">47 microfilm reels ; 35 mm.</subfield></datafield><datafield ind1=" " ind2="0" tag="651"><subfield code="a">New York (N.Y.)</subfield><subfield code="v">Newspapers.</subfield></datafield><datafield ind1=" " ind2="7" tag="655"><subfield code="a">Newspapers.</subfield><subfield code="2">fast</subfield><subfield code="0">(OCoLC)fst01423814</subfield></datafield><datafield ind1=" " ind2="7" tag="651"><subfield code="a">New York (State)</subfield><subfield code="z">New York.</subfield><subfield code="2">fast</subfield><subfield code="0">(OCoLC)fst01204333</subfield></datafield><datafield ind1=" " ind2=" " tag="752"><subfield code="a">United States</subfield><subfield code="b">New York</subfield><subfield code="c">New York</subfield><subfield code="d">New York.</subfield></datafield><datafield ind1="1" ind2=" " tag="775"><subfield code="t">New York daily express</subfield></datafield><datafield ind1="1" ind2=" " tag="775"><subfield code="t">New York morning express</subfield></datafield><datafield ind1="0" ind2=" " tag="775"><subfield code="t">New York semi-weekly express</subfield></datafield><datafield ind1="1" ind2=" " tag="775"><subfield code="t">New York dollar weekly express</subfield></datafield><datafield ind1="1" ind2=" " tag="775"><subfield code="t">New York weekly express</subfield></datafield><datafield ind1="1" ind2=" " tag="775"><subfield code="t">Dollar express</subfield></datafield><datafield ind1="1" ind2=" " tag="776"><subfield code="c">Original</subfield><subfield code="w">(DLC)sn 83030103</subfield></datafield><datafield ind1="0" ind2="7" tag="785"><subfield code="t">Evening mail (New York, N.Y. : 1879)</subfield></datafield><datafield ind1="0" ind2="7" tag="785"><subfield code="t">Mail and express (New York, N.Y. : 1881)</subfield></datafield><datafield ind1=" " ind2=" " tag="850"><subfield code="a">NN</subfield><subfield code="a">NN (master)</subfield></datafield></record>